@Article{SAMPLE,
	title={SAMPLE},
	author={SAMPLE, SAMPLE SAMPLE},
	journal={SAMPLE},
	volume={20},
	number={2},
	pages={339--346},
	year={1990},
	publisher={IEEE}
}